@article{rangapuram2018deep,
  title={Deep state space models for time series forecasting},
  author={Rangapuram, Syama Sundar and Seeger, Matthias W and Gasthaus, Jan and Stella, Lorenzo and Wang, Yuyang and Januschowski, Tim},
  journal={Advances in neural information processing systems},
  volume={31},
  year={2018}
}

@article{hansen1992testing,
  title={Testing for parameter instability in linear models},
  author={Hansen, Bruce E},
  journal={Journal of policy Modeling},
  volume={14},
  number={4},
  pages={517--533},
  year={1992},
  publisher={Elsevier}
}
@article{bai2003computation,
  title={Computation and analysis of multiple structural change models},
  author={Bai, Jushan and Perron, Pierre},
  journal={Journal of applied econometrics},
  volume={18},
  number={1},
  pages={1--22},
  year={2003},
  publisher={Wiley Online Library}
}
@article{abs2006,
  title={An ARIMA model based approach to estimate evolving trading day effect},
  author={Zhang, Xichuan (Mark) and Poskitt, Anna},
  journal={Presented at the Joint Statistical Meeting},
  month={August 6 â€“ 10},
  year={2006}
}

@TechReport{tvReg,
    title = {tvReg: Time-Varying Coefficients Linear Regression for Single and Multi-Equations in R},
    author = {Isabel Casas and Ruben Fernandez-Casal},
    year = {2019},
    note = {R package version 0.5.7},
    institution = {SSRN},
    url = {https://papers.ssrn.com/sol3/papers.cfm?abstract_id=3363526},
}

@article{ch7HBSA,
	Author = {Ketty Attal-Toubert and Dominique Ladiray and Marco Marini and Jean Palate},
	Date-Added = {2020-06-26 14:25:06 +0200},
	Date-Modified = {2020-06-26 14:27:18 +0200},
	Journal = {Handbook on Seasonal Adjustment},
	Keywords = {handbook seasonal-adjustment moving-average},
	Title = {Moving Trading-Day Effects with {X-13 ARIMA-SEATS} and {TRAMO-SEATS}},
	Year = {2018},
	url = {ec.europa.eu/eurostat/web/products-manuals-and-guidelines/-/KS-GQ-18-001}
}
  
  