%% This BibTeX bibliography file was created using BibDesk.
%% http://bibdesk.sourceforge.net/


%% Created for AQLT at 2020-06-26 14:29:01 +0200 


%% Saved with string encoding Unicode (UTF-8) 
@article{cleveland90,
  added-at = {2009-10-28T04:42:52.000+0100},
  author = {Cleveland, Robert B. and Cleveland, William S. and McRae, Jean E. and Terpenning, Irma},
  journal = {Journal of Official Statistics},
  keywords = {graphical_methods statistics},
  pages = {3--73},
  title = {STL: A Seasonal-Trend Decomposition Procedure Based on Loess (with Discussion)},
  volume = 6,
  year = 1990
}


@ARTICLE{Zellner1991,
title = {Forecasting turning points in international output growth rates using Bayesian exponentially weighted autoregression, time-varying parameter, and pooling techniques},
author = {Zellner, Arnold and Hong, Chansik and Min, Chung-ki},
year = {1991},
journal = {Journal of Econometrics},
volume = {49},
number = {1-2},
pages = {275-304},
url = {https://EconPapers.repec.org/RePEc:eee:econom:v:49:y:1991:i:1-2:p:275-304}
}
@Article{pierce1980SA,
  author={Pierce, David A.},
  title={{Data revisions with moving average seasonal adjustment procedures}},
  journal={Journal of Econometrics},
  year=1980,
  volume={14},
  number={1},
  pages={95-114},
  month={September},
  keywords={},
  doi={},
  url={https://ideas.repec.org/a/eee/econom/v14y1980i1p95-114.html}
}

@article{musgrave1964set,
  title={A set of end weights to end all end weights},
  author={Musgrave, John C},
  year={1964},
  journal={US Census Bureau [custodian]},
  url = {https://www.census.gov/ts/papers/Musgrave1964a.pdf}
}

@article{proietti2008,
author = "Proietti, Tommaso and Luati, Alessandra",
doi = "10.1214/08-AOAS195",
fjournal = "Annals of Applied Statistics",
journal = "Ann. Appl. Stat.",
month = "12",
number = "4",
pages = "1523--1553",
publisher = "The Institute of Mathematical Statistics",
title = "Real time estimation in local polynomial regression, with application to trend-cycle analysis",
url = "https://doi.org/10.1214/08-AOAS195",
volume = "2",
year = "2008"
}
@article{trilemmaWMR2019,
title = {The trilemma between accuracy, timeliness and smoothness in real-time signal extraction},
author = {Wildi, Marc and Mc{E}lroy, Tucker},
year = {2019},
journal = {International Journal of Forecasting},
volume = {35},
number = {3},
pages = {1072-1084},
abstract = {The evaluation of economic data and the monitoring of the economy is often concerned with an assessment of the mid- and long-term dynamics of time series (trend and/or cycle). Frequently, one is interested in the most recent estimate of a target signal, a so-called real-time estimate. Unfortunately, real-time signal extraction is a difficult estimation problem that involves linear combinations of possibly infinitely many multi-step ahead forecasts of a series. Here, we address the performances of real-time designs by proposing a generic direct filter approach. We decompose the ordinary mean squared error into accuracy, timeliness and smoothness error components, and we propose a new tradeoff between these competing terms, the so-called ATS-trilemma. This formalism enables us to derive a general class of optimization criteria that allow the user to address specific research priorities, in terms of the accuracy, timeliness and smoothness properties of the corresponding concurrent filter. We illustrate the new methods through simulations, and present an application to Indian industrial production data.},
keywords = {Concurrent Filters; Frequency Domain; Pass-Band; Phase Delay; Trends;},
url = {https://EconPapers.repec.org/RePEc:eee:intfor:v:35:y:2019:i:3:p:1072-1084}
}
@article{optimrtfWMR2013,
author = {Wildi, Marc and Mcelroy, Tucker},
year = {2013},
month = {12},
pages = {},
title = {Optimal Real-Time Filters for Linear Prediction Problems},
volume = {8},
journal = {Journal of Time Series Econometrics},
doi = {10.1515/jtse-2014-0019}
}

@article{ch12HBSA,
	Author = {Dominique Ladiray},
	Date-Added = {2020-06-26 14:25:06 +0200},
	Date-Modified = {2020-06-26 14:27:18 +0200},
	Journal = {Handbook on Seasonal Adjustment},
	Keywords = {handbook seasonal-adjustment moving-average},
	Title = {Moving Average Based Seasonal Adjustment},
	Year = {2018},
	url = {ec.europa.eu/eurostat/web/products-manuals-and-guidelines/-/KS-GQ-18-001}}
@book{ladiray2011seasonal,
  title={Seasonal Adjustment with the X-11 Method},
  author={Ladiray, D. and Quenneville, B.},
  isbn={9781461301769},
  year={2011},
  publisher={Springer}
}
@article{ch14HBSA,
	Author = {Estela Bee Dagum},
	Date-Added = {2020-06-26 14:25:06 +0200},
	Date-Modified = {2020-06-26 14:27:18 +0200},
	Journal = {Handbook on Seasonal Adjustment},
	Keywords = {handbook seasonal-adjustment moving-average trend-cycle},
	Title = {Trend-Cycle Estimation},
	Year = {2018},
	url = {ec.europa.eu/eurostat/web/products-manuals-and-guidelines/-/KS-GQ-18-001}}
	
@article{ch15HBSA,
	Author = {Michel Grun-Rehomme and Fabien Guggemos and Dominique Ladiray},
	Date-Added = {2020-06-26 14:25:06 +0200},
	Date-Modified = {2020-06-26 14:27:18 +0200},
	Journal = {Handbook on Seasonal Adjustment},
	Keywords = {handbook seasonal-adjustment moving-average trend-cycle},
	Title = {Asymmetric Moving Averages Minimizing Phase Shift},
	Year = {2018},
	url = {ec.europa.eu/eurostat/web/products-manuals-and-guidelines/-/KS-GQ-18-001}}

@article{ch16HBSA,
	Author = {Marc Wildi},
	Date-Added = {2020-06-26 14:25:06 +0200},
	Date-Modified = {2020-06-26 14:27:18 +0200},
	Journal = {Handbook on Seasonal Adjustment},
	Keywords = {handbook seasonal-adjustment moving-average trend-cycle},
	Title = {Real Time Trend Extraction and Seasonal Adjustment},
	Year = {2018},
	url = {ec.europa.eu/eurostat/web/products-manuals-and-guidelines/-/KS-GQ-18-001}}
	
@Article{dagumbianconcini2008,
  author={Dagum, Estela Bee and Bianconcini, Silvia},
  title={{The Henderson Smoother in Reproducing Kernel Hilbert Space}},
  journal={Journal of Business \& Economic Statistics},
  year=2008,
  volume={26},
  number={},
  pages={536-545},
  month={},
  keywords={},
  doi={},
  abstract={The Henderson smoother has been traditionally applied for trend-cycle estimation in the context of nonparametric seasonal adjustment software officially adopted by statistical agencies. This study introduces a Henderson third-order kernel representation by means of the reproducing kernel Hilbert space (RKHS) methodology. Two density functions and corresponding orthonormal polynomials have been calculated. Both are shown to give excellent representations for short- and medium-length filters. Theoretical and empirical comparisons of the Henderson third-order kernel asymmetric filters are made with the classical ones. The former are shown to be superior in terms of signal passing, noise suppression, and revision size.},
  url={https://ideas.repec.org/a/bes/jnlbes/v26y2008p536-545.html}
}

@article{dagumbianconcini2015,
author = "Bee Dagum, Estela and Bianconcini, Silvia",
doi = "10.1214/15-AOAS856",
fjournal = "Annals of Applied Statistics",
journal = "Ann. Appl. Stat.",
month = "09",
number = "3",
pages = "1433--1458",
publisher = "The Institute of Mathematical Statistics",
title = "A new set of asymmetric filters for tracking the short-term trend in real-time",
url = "https://doi.org/10.1214/15-AOAS856",
volume = "9",
year = "2015"
}

@article{aeronautiqueEN,
	Author = {Vincent Dortet-Bernadet and Fabrice Lenseigne and Camille Parent and Alain Quartier-la-Tente and Anne-Marie Stoliaroff-P{\'e}pin and Corentin Plouhinec},
	Date-Added = {2020-05-16 14:54:00 +0200},
	Date-Modified = {2020-05-16 14:57:13 +0200},
	Journal = {Conjoncture in France},
	Month = {December},
	Pages = {19-37},
	Title = {After two years of turbulence, the French aeronautical sector is ready to take off again},
	Url = {https://www.insee.fr/en/statistiques/fichier/2532051/122016_d1E.pdf},
	Year = {2016},
	Bdsk-Url-1 = {https://www.insee.fr/en/statistiques/fichier/2019082/062016_d2E.pdf}}

@article{aeronautiqueFR,
	Author = {Vincent Dortet-Bernadet and Fabrice Lenseigne and Camille Parent and Alain Quartier-la-Tente and Anne-Marie Stoliaroff-P{\'e}pin and Corentin Plouhinec},
	Date-Added = {2020-05-16 14:52:03 +0200},
	Date-Modified = {2020-05-16 14:55:07 +0200},
	Journal = {Note de conjoncture},
	Month = {D{\'e}cembre},
	Pages = {19-37},
	Title = {Apr{\`e}s deux ans de turbulences, le secteur a{\'e}ronautique fran{\c c}ais peut red{\'e}coller},
	Url = {https://www.insee.fr/fr/statistiques/fichier/2531682/122016_d1.pdf},
	Year = {2016},
	Bdsk-Url-1 = {https://www.insee.fr/en/statistiques/fichier/2019082/062016_d2E.pdf}}

@article{climatFR,
	Author = {Morgane Glotain and Alain Quartier-la-Tente},
	Date-Added = {2020-05-16 14:45:27 +0200},
	Date-Modified = {2020-05-16 14:45:42 +0200},
	Journal = {Note de conjoncture},
	Month = {juin},
	Pages = {35-56},
	Title = {De nouveaux indicateurs de climats des affaires sous-sectoriels pour am{\'e}liorer le diagnostic conjoncturel},
	Url = {https://www.insee.fr/fr/statistiques/fichier/2019067/062016_d2.pdf},
	Year = {2015},
	Bdsk-Url-1 = {https://www.insee.fr/fr/statistiques/fichier/2019067/062016_d2.pdf}}

@article{climatEN,
	Author = {Morgane Glotain and Alain Quartier-la-Tente},
	Date-Added = {2020-05-16 14:41:38 +0200},
	Date-Modified = {2020-05-16 14:51:51 +0200},
	Journal = {Conjoncture in France},
	Month = {June},
	Pages = {35-56},
	Title = {New sub-sector business climate indicators to improve economic outlook analysis},
	Url = {https://www.insee.fr/en/statistiques/fichier/2019082/062016_d2E.pdf},
	Year = {2015},
	Bdsk-Url-1 = {https://www.insee.fr/en/statistiques/fichier/2019082/062016_d2E.pdf}}

@book{BusinessForecasting,
	Author = {Michael K. Evans},
	Date-Added = {2020-05-16 14:38:31 +0200},
	Date-Modified = {2020-05-16 14:38:31 +0200},
	Publisher = {Blackwell Publishers},
	Title = {Practical Business Forecasting},
	Year = {2003}}

@article{ImCT,
	Date-Added = {2020-05-16 14:38:31 +0200},
	Date-Modified = {2020-05-16 14:38:31 +0200},
	Journal = {Insee M{\'e}thodes},
	Month = {mai},
	Number = {126},
	Title = {M{\'e}thodologie des comptes trimestriels en base 2005},
	Year = {2012},
	Bdsk-File-1 = {YnBsaXN0MDDSAQIDBFxyZWxhdGl2ZVBhdGhZYWxpYXNEYXRhXxAxLi4vRG9jL0luc2VlX01ldGhvZGUvSU0tIENvbXB0ZXMgVHJpbWVzdHJpZWxzLnBkZk8RAioAAAAAAioAAgAADE1hY2ludG9zaCBIRAAAAAAAAAAAAAAAAAAAAMfUs/FIKwAAASL34hxJTS0gQ29tcHRlcyBUcmltZXN0cmllbHMucGRmAAAAAAAAAAAAAAAAAAAAAAAAAAAAAAAAAAAAAAAAAAAAAAABIvtM0bh0+AAAAAAAAAAAAAEAAwAACSAAAAAAAAAAAAAAAAAAAAANSW5zZWVfTWV0aG9kZQAAEAAIAADH1JfRAAAAEQAIAADRuFjYAAAAAQAcASL34gEi980BHl/BANYUMwAIS5YACEuLAACS8wACAHRNYWNpbnRvc2ggSEQ6VXNlcnM6AGFsYWlucXVhcnRpZXJsYXRlbnRlOgBEZXNrdG9wOgBNYXN0ZXI6AE2ObW9pcmU6AERvYzoASW5zZWVfTWV0aG9kZToASU0tIENvbXB0ZXMgVHJpbWVzdHJpZWxzLnBkZgAOADoAHABJAE0ALQAgAEMAbwBtAHAAdABlAHMAIABUAHIAaQBtAGUAcwB0AHIAaQBlAGwAcwAuAHAAZABmAA8AGgAMAE0AYQBjAGkAbgB0AG8AcwBoACAASABEABIAYlVzZXJzL2FsYWlucXVhcnRpZXJsYXRlbnRlL0Rlc2t0b3AvTWFzdGVyL01lzIFtb2lyZS9Eb2MvSW5zZWVfTWV0aG9kZS9JTS0gQ29tcHRlcyBUcmltZXN0cmllbHMucGRmABMAAS8AABUAAgAb//8AAAAIAA0AGgAkAFgAAAAAAAACAQAAAAAAAAAFAAAAAAAAAAAAAAAAAAAChg==}}

@article{ImIndustrie,
	Date-Added = {2020-05-16 14:38:31 +0200},
	Date-Modified = {2020-05-16 14:38:31 +0200},
	Journal = {Insee M{\'e}thodes},
	Month = {avril},
	Number = {117},
	Title = {L'enqu{\^e}te de conjoncture sur la situation et les perspectives dans l'industrie : m{\'e}thodologie},
	Year = {2007},
	Bdsk-File-1 = {YnBsaXN0MDDSAQIDBFxyZWxhdGl2ZVBhdGhZYWxpYXNEYXRhXxAlLi4vRG9jL0luc2VlX01ldGhvZGUvSU0tSW5kdXN0cmllLnBkZk8RAfoAAAAAAfoAAgAADE1hY2ludG9zaCBIRAAAAAAAAAAAAAAAAAAAAMfUs/FIKwAAASL34hBJTS1JbmR1c3RyaWUucGRmAAAAAAAAAAAAAAAAAAAAAAAAAAAAAAAAAAAAAAAAAAAAAAAAAAAAAAAAAAAAAAABIvsowejFLgAAAAAAAAAAAAEAAwAACSAAAAAAAAAAAAAAAAAAAAANSW5zZWVfTWV0aG9kZQAAEAAIAADH1JfRAAAAEQAIAADB6LceAAAAAQAcASL34gEi980BHl/BANYUMwAIS5YACEuLAACS8wACAGhNYWNpbnRvc2ggSEQ6VXNlcnM6AGFsYWlucXVhcnRpZXJsYXRlbnRlOgBEZXNrdG9wOgBNYXN0ZXI6AE2ObW9pcmU6AERvYzoASW5zZWVfTWV0aG9kZToASU0tSW5kdXN0cmllLnBkZgAOACIAEABJAE0ALQBJAG4AZAB1AHMAdAByAGkAZQAuAHAAZABmAA8AGgAMAE0AYQBjAGkAbgB0AG8AcwBoACAASABEABIAVlVzZXJzL2FsYWlucXVhcnRpZXJsYXRlbnRlL0Rlc2t0b3AvTWFzdGVyL01lzIFtb2lyZS9Eb2MvSW5zZWVfTWV0aG9kZS9JTS1JbmR1c3RyaWUucGRmABMAAS8AABUAAgAb//8AAAAIAA0AGgAkAEwAAAAAAAACAQAAAAAAAAAFAAAAAAAAAAAAAAAAAAACSg==}}

@article{Surprise,
	Author = {Ya{\"e}lle Hauseux and Pierre-Damien Olive and Catherine Renne and Cl{\'e}ment Bortoli},
	Date-Added = {2020-05-16 14:38:31 +0200},
	Date-Modified = {2020-05-16 14:38:31 +0200},
	Journal = {Note de conjoncture},
	Month = {mars},
	Pages = {21-41},
	Title = {De nouvelles avanc{\'e}es dans l'utilisation des enqu{\^e}tes de conjoncture de l'\textsc{I}nsee pour le diagnostic conjoncturel},
	Year = {2015}}

@article{Contrich,
	Author = {Franck Arnaud},
	Date-Added = {2020-05-16 14:38:31 +0200},
	Date-Modified = {2020-05-16 14:38:31 +0200},
	Month = {ao{\^u}t},
	Organization = {Insee},
	Title = {Calcul des contributions en volumes cha{\^\i}n{\'e}s},
	Year = {2014},
	Bdsk-File-1 = {YnBsaXN0MDDSAQIDBFxyZWxhdGl2ZVBhdGhZYWxpYXNEYXRhXxBwLi4vLi4vLi4vLi4vLi4vLi4vVm9sdW1lcy9IRUxMT1dPUkxEL0JpYmxpbyBhbm5leGUvQ2FsY3VsJTIwZGVzJTIwY29udHJpYnV0aW9ucyUyMGVuJTIwdm9sdW1lcyUyMGNoYSVFRW4lRTlzLnBkZk8RAhIAAAAAAhIAAgAACkhFTExPV09STEQAAAAAAAAAAAAAAAAAAAAAAAAAAABCRAAB/////x9DYWxjdWwlMjBkZXMlMjBjb24jRkZGRkZGRkYucGRmAAAAAAAAAAAAAAAAAAAAAAAAAAAAAAAAAAAAAAAAAAD/////AAAAAAAAAAAAAAAA/////wAACgJJUwAAAAAAAAAAAAAAAAANQmlibGlvIGFubmV4ZQAAAgBgLzpWb2x1bWVzOkhFTExPV09STEQ6QmlibGlvIGFubmV4ZTpDYWxjdWwlMjBkZXMlMjBjb250cmlidXRpb25zJTIwZW4lMjB2b2x1bWVzJTIwY2hhJUVFbiVFOXMucGRmAA4AfAA9AEMAYQBsAGMAdQBsACUAMgAwAGQAZQBzACUAMgAwAGMAbwBuAHQAcgBpAGIAdQB0AGkAbwBuAHMAJQAyADAAZQBuACUAMgAwAHYAbwBsAHUAbQBlAHMAJQAyADAAYwBoAGEAJQBFAEUAbgAlAEUAOQBzAC4AcABkAGYADwAWAAoASABFAEwATABPAFcATwBSAEwARAASAEwvQmlibGlvIGFubmV4ZS9DYWxjdWwlMjBkZXMlMjBjb250cmlidXRpb25zJTIwZW4lMjB2b2x1bWVzJTIwY2hhJUVFbiVFOXMucGRmABMAEy9Wb2x1bWVzL0hFTExPV09STEQA//8AAAAIAA0AGgAkAJcAAAAAAAACAQAAAAAAAAAFAAAAAAAAAAAAAAAAAAACrQ==}}

@techreport{SIS,
	Author = {Jurgen A. Doornik and David F. Hendry and Felix Pretis},
	Date-Added = {2020-05-16 14:38:31 +0200},
	Date-Modified = {2020-05-16 14:38:31 +0200},
	Institution = {University of Oxford, Department of Economics},
	Keywords = {General-to-specific; Step-indicator saturation; Test power; Location shifts; Model Selection; Autometrics},
	Month = {June},
	Number = {658},
	Title = {Step indicator saturation},
	Type = {Economics Series Working Papers},
	Year = {2013}}

@book{PcGive,
	Author = {Jurgen A. Doornik and David F. Hendry},
	Date-Added = {2020-05-16 14:38:31 +0200},
	Date-Modified = {2020-05-16 14:38:31 +0200},
	Publisher = {Timberlake Consultants},
	Title = {Empirical Econometric Modelling - {PcGive} 14},
	Volume = {I},
	Year = {2013},
	Bdsk-File-1 = {YnBsaXN0MDDSAQIDBFxyZWxhdGl2ZVBhdGhZYWxpYXNEYXRhXxAdLi4vRG9jL0JpYmxpby9QY0dpdmVfdm9sMS5wZGZPEQHgAAAAAAHgAAIAAAxNYWNpbnRvc2ggSEQAAAAAAAAAAAAAAAAAAADH1LPxSCsAAAEi99kPUGNHaXZlX3ZvbDEucGRmAAAAAAAAAAAAAAAAAAAAAAAAAAAAAAAAAAAAAAAAAAAAAAAAAAAAAAAAAAAAAAAAASWK2NHle6RQREYgQ0FSTwABAAMAAAkgAAAAAAAAAAAAAAAAAAAABkJpYmxpbwAQAAgAAMfUl9EAAAARAAgAANHlX4QAAAABABwBIvfZASL3zQEeX8EA1hQzAAhLlgAIS4sAAJLzAAIAYE1hY2ludG9zaCBIRDpVc2VyczoAYWxhaW5xdWFydGllcmxhdGVudGU6AERlc2t0b3A6AE1hc3RlcjoATY5tb2lyZToARG9jOgBCaWJsaW86AFBjR2l2ZV92b2wxLnBkZgAOACAADwBQAGMARwBpAHYAZQBfAHYAbwBsADEALgBwAGQAZgAPABoADABNAGEAYwBpAG4AdABvAHMAaAAgAEgARAASAE5Vc2Vycy9hbGFpbnF1YXJ0aWVybGF0ZW50ZS9EZXNrdG9wL01hc3Rlci9NZcyBbW9pcmUvRG9jL0JpYmxpby9QY0dpdmVfdm9sMS5wZGYAEwABLwAAFQACABv//wAAAAgADQAaACQARAAAAAAAAAIBAAAAAAAAAAUAAAAAAAAAAAAAAAAAAAIo}}

@article{Exogeneite,
	Author = {Herman J. Bierens},
	Date-Added = {2020-05-16 14:38:31 +0200},
	Date-Modified = {2020-05-16 14:38:31 +0200},
	Keywords = {VARX models, Exogeneity},
	Month = {Febriary},
	Title = {{VAR} models with exogenous variables},
	Year = {2004},
	Bdsk-File-1 = {YnBsaXN0MDDSAQIDBFxyZWxhdGl2ZVBhdGhZYWxpYXNEYXRhXxAWLi4vRG9jL0JpYmxpby9WQVJYLnBkZk8RAcYAAAAAAcYAAgAADE1hY2ludG9zaCBIRAAAAAAAAAAAAAAAAAAAAMfUs/FIKwAAASL32QhWQVJYLnBkZgAAAAAAAAAAAAAAAAAAAAAAAAAAAAAAAAAAAAAAAAAAAAAAAAAAAAAAAAAAAAAAAAAAAAAAAAABJaGS0ebk+1BERiBDQVJPAAEAAwAACSAAAAAAAAAAAAAAAAAAAAAGQmlibGlvABAACAAAx9SX0QAAABEACAAA0ebI2wAAAAEAHAEi99kBIvfNAR5fwQDWFDMACEuWAAhLiwAAkvMAAgBZTWFjaW50b3NoIEhEOlVzZXJzOgBhbGFpbnF1YXJ0aWVybGF0ZW50ZToARGVza3RvcDoATWFzdGVyOgBNjm1vaXJlOgBEb2M6AEJpYmxpbzoAVkFSWC5wZGYAAA4AEgAIAFYAQQBSAFgALgBwAGQAZgAPABoADABNAGEAYwBpAG4AdABvAHMAaAAgAEgARAASAEdVc2Vycy9hbGFpbnF1YXJ0aWVybGF0ZW50ZS9EZXNrdG9wL01hc3Rlci9NZcyBbW9pcmUvRG9jL0JpYmxpby9WQVJYLnBkZgAAEwABLwAAFQACABv//wAAAAgADQAaACQAPQAAAAAAAAIBAAAAAAAAAAUAAAAAAAAAAAAAAAAAAAIH}}

@article{AIC,
	Author = {David Anderson and Kenneth Burnham},
	Date-Added = {2020-05-16 14:38:31 +0200},
	Date-Modified = {2020-05-16 14:38:31 +0200},
	Month = {April},
	Title = {{AIC} Myths and Misunderstandings},
	Year = {2006},
	Bdsk-File-1 = {YnBsaXN0MDDSAQIDBFxyZWxhdGl2ZVBhdGhZYWxpYXNEYXRhXxAxLi4vRG9jL0JpYmxpby9BSUMgTXl0aHMgYW5kIE1pc3VuZGVyc3RhbmRpbmdzLnBkZk8RAiwAAAAAAiwAAgAADE1hY2ludG9zaCBIRAAAAAAAAAAAAAAAAAAAAMfUs/FIKwAAASL32R9BSUMgTXl0aHMgYW5kIE1pc3VuIzEyMkY3RTEucGRmAAAAAAAAAAAAAAAAAAAAAAAAAAAAAAAAAAAAAAAAAAABIvfh0bh18gAAAAAAAAAAAAEAAwAACSAAAAAAAAAAAAAAAAAAAAAGQmlibGlvABAACAAAx9SX0QAAABEACAAA0bhZ0gAAAAEAHAEi99kBIvfNAR5fwQDWFDMACEuWAAhLiwAAkvMAAgBwTWFjaW50b3NoIEhEOlVzZXJzOgBhbGFpbnF1YXJ0aWVybGF0ZW50ZToARGVza3RvcDoATWFzdGVyOgBNjm1vaXJlOgBEb2M6AEJpYmxpbzoAQUlDIE15dGhzIGFuZCBNaXN1biMxMjJGN0UxLnBkZgAOAEgAIwBBAEkAQwAgAE0AeQB0AGgAcwAgAGEAbgBkACAATQBpAHMAdQBuAGQAZQByAHMAdABhAG4AZABpAG4AZwBzAC4AcABkAGYADwAaAAwATQBhAGMAaQBuAHQAbwBzAGgAIABIAEQAEgBiVXNlcnMvYWxhaW5xdWFydGllcmxhdGVudGUvRGVza3RvcC9NYXN0ZXIvTWXMgW1vaXJlL0RvYy9CaWJsaW8vQUlDIE15dGhzIGFuZCBNaXN1bmRlcnN0YW5kaW5ncy5wZGYAEwABLwAAFQACABv//wAAAAgADQAaACQAWAAAAAAAAAIBAAAAAAAAAAUAAAAAAAAAAAAAAAAAAAKI}}

@techreport{Hendry,
	Abstract = {We consider the reasons for nowcasting, how nowcasts can be achieved, and the use and timing of information. The existence of contemporaneous data such as surveys is a major difference from forecasting, but many of the recent lessons about forecasting remain relevant. Given the extensive disaggregation over variables underlying flash estimates of aggregates, we show that automatic model selection can play a valuable role, especially when location shifts would otherwise induce nowcast failure. Thus, we address nowcasting when location shifts occur, probably with measurement error. We describe impulse-indicator saturation as a potential solution to such shifts, noting its relation to intercept corrections and to robust methods to avoid systematic nowcast failure. We propose a nowcasting strategy, building models of all disaggregate series by automatic methods, forecasting all variables before the end of each period, testing for shifts as available measures arrive, and adjusting forecasts of cognate missing series if substantive discrepancies are found. An alternative is switching to robust forecasts when breaks are detected. We apply a variant of this strategy to nowcast UK GDP growth, seeking pseudo real-time data availability.},
	Author = {Jennifer Castle and David Hendry and Oleg Kitov},
	Date-Added = {2020-05-16 14:38:31 +0200},
	Date-Modified = {2020-05-16 14:38:31 +0200},
	Institution = {University of Oxford, Department of Economics},
	Keywords = {Nowcasting; Location shifts; Forecasting; Contemporaneous information; Autometrics; Impulse-indicator},
	Month = Sep,
	Number = {674},
	Title = {{Forecasting and Nowcasting Macroeconomic {\ignorespaces Variables: } A Methodological Overview}},
	Type = {Economics Series Working Papers},
	Url = {http://ideas.repec.org/p/oxf/wpaper/674.html},
	Year = 2013,
	Bdsk-File-1 = {YnBsaXN0MDDSAQIDBFxyZWxhdGl2ZVBhdGhZYWxpYXNEYXRhXxArLi4vRG9jL0JpYmxpby9Gb3JlY2FzdGluZyBldCBub3djYXN0aW5nLnBkZk8RAhgAAAAAAhgAAgAADE1hY2ludG9zaCBIRAAAAAAAAAAAAAAAAAAAAMfUs/FIKwAAASL32R1Gb3JlY2FzdGluZyBldCBub3djYXN0aW5nLnBkZgAAAAAAAAAAAAAAAAAAAAAAAAAAAAAAAAAAAAAAAAAAAAABIvfc0YyX3AAAAAAAAAAAAAEAAwAACSAAAAAAAAAAAAAAAAAAAAAGQmlibGlvABAACAAAx9SX0QAAABEACAAA0Yx7vAAAAAEAHAEi99kBIvfNAR5fwQDWFDMACEuWAAhLiwAAkvMAAgBuTWFjaW50b3NoIEhEOlVzZXJzOgBhbGFpbnF1YXJ0aWVybGF0ZW50ZToARGVza3RvcDoATWFzdGVyOgBNjm1vaXJlOgBEb2M6AEJpYmxpbzoARm9yZWNhc3RpbmcgZXQgbm93Y2FzdGluZy5wZGYADgA8AB0ARgBvAHIAZQBjAGEAcwB0AGkAbgBnACAAZQB0ACAAbgBvAHcAYwBhAHMAdABpAG4AZwAuAHAAZABmAA8AGgAMAE0AYQBjAGkAbgB0AG8AcwBoACAASABEABIAXFVzZXJzL2FsYWlucXVhcnRpZXJsYXRlbnRlL0Rlc2t0b3AvTWFzdGVyL01lzIFtb2lyZS9Eb2MvQmlibGlvL0ZvcmVjYXN0aW5nIGV0IG5vd2Nhc3RpbmcucGRmABMAAS8AABUAAgAb//8AAAAIAA0AGgAkAFIAAAAAAAACAQAAAAAAAAAFAAAAAAAAAAAAAAAAAAACbg==},
	Bdsk-Url-1 = {http://ideas.repec.org/p/oxf/wpaper/674.html}}

@article{OPTIM,
	Abstract = {Le mod{\`e}le OPTIM permet de pr{\'e}voir, chaque mois, les taux de croissance du PIB de la France et de ses principales composantes, pour le trimestre en cours et le trimestre suivant. Ce mod{\`e}le mobilise un large {\'e}ventail de donn{\'e}es macro-{\'e}conomiques mensuelles et de donn{\'e}es d'enqu{\^e}te, s{\'e}lectionn{\'e}es par une proc{\'e}dure statistique automatique.},
	Author = {Barhoumi, Karim and Brunhes-Lesage, V. and Darn{\'e}, Olivier and Ferrara, Laurent and Pluyaud, Bertrand and Rouvreau, B.},
	Date-Added = {2020-05-16 14:38:31 +0200},
	Date-Modified = {2020-05-16 14:38:31 +0200},
	Journal = {Bulletin de la Banque de France},
	Keywords = {Pr{\'e}vision; taux de croissance du PIB; mod{\`e}le d'{\'e}talonnage; approche ``general-to-specific''.},
	Number = {171},
	Pages = {31-42},
	Title = {{OPTIM} : un outil de pr{\'e}vision trimestrielle du {PIB} de la France},
	Url = {http://EconPapers.repec.org/RePEc:bfr:bullbf:2008:171:02},
	Year = {2008},
	Bdsk-File-1 = {YnBsaXN0MDDSAQIDBFxyZWxhdGl2ZVBhdGhZYWxpYXNEYXRhXxAbLi4vRG9jL2JkZl9ibV8xNzFfZXR1XzIucGRmTxEB4AAAAAAB4AACAAAMTWFjaW50b3NoIEhEAAAAAAAAAAAAAAAAAAAAx9Sz8UgrAAABIvfNFGJkZl9ibV8xNzFfZXR1XzIucGRmAAAAAAAAAAAAAAAAAAAAAAAAAAAAAAAAAAAAAAAAAAAAAAAAAAAAAAAAAAEi99TRQat2AAAAAAAAAAAAAQACAAAJIAAAAAAAAAAAAAAAAAAAAANEb2MAABAACAAAx9SX0QAAABEACAAA0UGPVgAAAAEAGAEi980BHl/BANYUMwAIS5YACEuLAACS8wACAF1NYWNpbnRvc2ggSEQ6VXNlcnM6AGFsYWlucXVhcnRpZXJsYXRlbnRlOgBEZXNrdG9wOgBNYXN0ZXI6AE2ObW9pcmU6AERvYzoAYmRmX2JtXzE3MV9ldHVfMi5wZGYAAA4AKgAUAGIAZABmAF8AYgBtAF8AMQA3ADEAXwBlAHQAdQBfADIALgBwAGQAZgAPABoADABNAGEAYwBpAG4AdABvAHMAaAAgAEgARAASAExVc2Vycy9hbGFpbnF1YXJ0aWVybGF0ZW50ZS9EZXNrdG9wL01hc3Rlci9NZcyBbW9pcmUvRG9jL2JkZl9ibV8xNzFfZXR1XzIucGRmABMAAS8AABUAAgAb//8AAAAIAA0AGgAkAEIAAAAAAAACAQAAAAAAAAAFAAAAAAAAAAAAAAAAAAACJg==},
	Bdsk-Url-1 = {http://EconPapers.repec.org/RePEc:bfr:bullbf:2008:171:02}}

@techreport{DMtest,
	Abstract = {The Diebold-Mariano (DM) test was intended for comparing forecasts; it has been, and remains, useful in that regard. The DM test was not intended for comparing models. Unfortunately, however, much of the large subsequent literature uses DM-type tests for comparing models, in (pseudo-) out-of-sample environments. In that case, much simpler yet more compelling full-sample model comparison procedures exist; they have been, and should continue to be, widely used. The hunch that (pseudo-) out-of-sample analysis is somehow the "only," or "best," or even a "good" way to provide insurance against in-sample over-fitting in model comparisons proves largely false. On the other hand, (pseudo-) out-of-sample analysis may be useful for learning about comparative historical predictive performance.},
	Author = {Francis X. Diebold},
	Date-Added = {2020-05-16 14:38:31 +0200},
	Date-Modified = {2020-05-16 14:38:31 +0200},
	Doi = {10.3386/w18391},
	Institution = {National Bureau of Economic Research},
	Keywords = {Forecasting, model comparison, model selection, out-of-sample tests},
	Month = {September},
	Number = {18391},
	Series = {Working Paper Series},
	Title = {Comparing Predictive Accuracy, Twenty Years Late{\texttt{r:}} A Personal Perspective on the Use and Abuse of \textsc{D}iebold-\textsc{M}ariano Tests},
	Type = {Working Paper},
	Url = {http://www.nber.org/papers/w18391},
	Year = {2012},
	Bdsk-File-1 = {YnBsaXN0MDDSAQIDBFxyZWxhdGl2ZVBhdGhZYWxpYXNEYXRhXxAhLi4vRG9jL0JpYmxpby9EaWVib2xkX0RNIFRlc3QucGRmTxEB8AAAAAAB8AACAAAMTWFjaW50b3NoIEhEAAAAAAAAAAAAAAAAAAAAx9Sz8UgrAAABIvfZE0RpZWJvbGRfRE0gVGVzdC5wZGYAAAAAAAAAAAAAAAAAAAAAAAAAAAAAAAAAAAAAAAAAAAAAAAAAAAAAAAAAAAEi993RuHVuAAAAAAAAAAAAAQADAAAJIAAAAAAAAAAAAAAAAAAAAAZCaWJsaW8AEAAIAADH1JfRAAAAEQAIAADRuFlOAAAAAQAcASL32QEi980BHl/BANYUMwAIS5YACEuLAACS8wACAGRNYWNpbnRvc2ggSEQ6VXNlcnM6AGFsYWlucXVhcnRpZXJsYXRlbnRlOgBEZXNrdG9wOgBNYXN0ZXI6AE2ObW9pcmU6AERvYzoAQmlibGlvOgBEaWVib2xkX0RNIFRlc3QucGRmAA4AKAATAEQAaQBlAGIAbwBsAGQAXwBEAE0AIABUAGUAcwB0AC4AcABkAGYADwAaAAwATQBhAGMAaQBuAHQAbwBzAGgAIABIAEQAEgBSVXNlcnMvYWxhaW5xdWFydGllcmxhdGVudGUvRGVza3RvcC9NYXN0ZXIvTWXMgW1vaXJlL0RvYy9CaWJsaW8vRGllYm9sZF9ETSBUZXN0LnBkZgATAAEvAAAVAAIAG///AAAACAANABoAJABIAAAAAAAAAgEAAAAAAAAABQAAAAAAAAAAAAAAAAAAAjw=},
	Bdsk-Url-1 = {http://www.nber.org/papers/w18391},
	Bdsk-Url-2 = {https://doi.org/10.3386/w18391}}

@article{KrozligHendry,
	Abstract = {That econometric methodology remains in dispute partly reflects the lack of clear evidence on alternative approaches. This paper reconsiders econometric model selection from a computer-automation perspective, focusing on general-to-specific reduction approaches, as embodied in the program PcGets (general-to-specific). Starting from a general linear, dynamic statistical model, which captures the essential data characteristics, standard testing procedures are applied to eliminate statistically-insignificant variables, using diagnostic tests to check the validity of the reductions, ensuring a congruent final model. As the joint issue of variable selection and diagnostic testing eludes most attempts at theoretical analysis, a simulation-based analysis of modelling strategies is presented. The results of the Monte Carlo experiments cohere with the established theory: PcGets recovers the DGP specification with remarkable accuracy. Empirical size and power of PcGets are close to what one would expect if the DGP were known.<P>(This abstract was borrowed from another version of this item.)},
	Author = {Hans-Martin Krolzig and David Hendry},
	Date-Added = {2020-05-16 14:38:31 +0200},
	Date-Modified = {2020-05-16 14:38:31 +0200},
	Journal = {Journal of Economic Dynamics and Control},
	Keywords = {Econometric methodology; Model selection; Encompassing; Data mining; Monte Carlo experiments; Money demand; Consumption function},
	Month = {June},
	Number = {6-7},
	Pages = {831-866},
	Title = {{Computer automation of general-to-specific model selection procedures}},
	Url = {http://ideas.repec.org/a/eee/dyncon/v25y2001i6-7p831-866.html},
	Volume = {25},
	Year = 2001,
	Bdsk-File-1 = {YnBsaXN0MDDSAQIDBFxyZWxhdGl2ZVBhdGhZYWxpYXNEYXRhXxAjLi4vRG9jL0JpYmxpby9IZW5kcnkgZXQgS3JvbHppZy5wZGZPEQH4AAAAAAH4AAIAAAxNYWNpbnRvc2ggSEQAAAAAAAAAAAAAAAAAAADH1LPxSCsAAAEi99kVSGVuZHJ5IGV0IEtyb2x6aWcucGRmAAAAAAAAAAAAAAAAAAAAAAAAAAAAAAAAAAAAAAAAAAAAAAAAAAAAAAAAASMm9NHHObNQREYgQ0FSTwABAAMAAAkgAAAAAAAAAAAAAAAAAAAABkJpYmxpbwAQAAgAAMfUl9EAAAARAAgAANHHHZMAAAABABwBIvfZASL3zQEeX8EA1hQzAAhLlgAIS4sAAJLzAAIAZk1hY2ludG9zaCBIRDpVc2VyczoAYWxhaW5xdWFydGllcmxhdGVudGU6AERlc2t0b3A6AE1hc3RlcjoATY5tb2lyZToARG9jOgBCaWJsaW86AEhlbmRyeSBldCBLcm9semlnLnBkZgAOACwAFQBIAGUAbgBkAHIAeQAgAGUAdAAgAEsAcgBvAGwAegBpAGcALgBwAGQAZgAPABoADABNAGEAYwBpAG4AdABvAHMAaAAgAEgARAASAFRVc2Vycy9hbGFpbnF1YXJ0aWVybGF0ZW50ZS9EZXNrdG9wL01hc3Rlci9NZcyBbW9pcmUvRG9jL0JpYmxpby9IZW5kcnkgZXQgS3JvbHppZy5wZGYAEwABLwAAFQACABv//wAAAAgADQAaACQASgAAAAAAAAIBAAAAAAAAAAUAAAAAAAAAAAAAAAAAAAJG},
	Bdsk-Url-1 = {http://ideas.repec.org/a/eee/dyncon/v25y2001i6-7p831-866.html}}

@article{Hyndman,
	Abstract = {In many applications, there are multiple time series that are hierarchically organized and can be aggregated at several different levels in groups based on products, geography or some other features. We call these ``hierarchical time series''. They are commonly forecast using either a ``bottom-up'' or a ``top-down'' method. In this paper we propose a new approach to hierarchical forecasting which provides optimal forecasts that are better than forecasts produced by either a top-down or a bottom-up approach. Our method is based on independently forecasting all series at all levels of the hierarchy and then using a regression model to optimally combine and reconcile these forecasts. The resulting revised forecasts add up appropriately across the hierarchy, are unbiased and have minimum variance amongst all combination forecasts under some simple assumptions. We show in a simulation study that our method performs well compared to the top-down approach and the bottom-up method. We demonstrate our proposed method by forecasting Australian tourism demand where the data are disaggregated by purpose of travel and geographical region. },
	Author = {Rob J. Hyndman and Roman A. Ahmed and George Athanasopoulos and Han Lin Shang},
	Date-Added = {2020-05-16 14:38:31 +0200},
	Date-Modified = {2020-05-16 14:38:31 +0200},
	Doi = {http://dx.doi.org/10.1016/j.csda.2011.03.006},
	Issn = {0167-9473},
	Journal = {Computational Statistics \& Data Analysis},
	Keywords = {Top-down forecasting},
	Number = {9},
	Pages = {2579 - 2589},
	Title = {Optimal combination forecasts for hierarchical time series},
	Url = {http://www.sciencedirect.com/science/article/pii/S0167947311000971},
	Volume = {55},
	Year = {2011},
	Bdsk-File-1 = {YnBsaXN0MDDSAQIDBFxyZWxhdGl2ZVBhdGhZYWxpYXNEYXRhXxAZLi4vRG9jL0JpYmxpby9IeW5kbWFuLnBkZk8RAdAAAAAAAdAAAgAADE1hY2ludG9zaCBIRAAAAAAAAAAAAAAAAAAAAMfUs/FIKwAAASL32QtIeW5kbWFuLnBkZgAAAAAAAAAAAAAAAAAAAAAAAAAAAAAAAAAAAAAAAAAAAAAAAAAAAAAAAAAAAAAAAAAAAAABJYF00eQ8kFBERiBDQVJPAAEAAwAACSAAAAAAAAAAAAAAAAAAAAAGQmlibGlvABAACAAAx9SX0QAAABEACAAA0eQgcAAAAAEAHAEi99kBIvfNAR5fwQDWFDMACEuWAAhLiwAAkvMAAgBcTWFjaW50b3NoIEhEOlVzZXJzOgBhbGFpbnF1YXJ0aWVybGF0ZW50ZToARGVza3RvcDoATWFzdGVyOgBNjm1vaXJlOgBEb2M6AEJpYmxpbzoASHluZG1hbi5wZGYADgAYAAsASAB5AG4AZABtAGEAbgAuAHAAZABmAA8AGgAMAE0AYQBjAGkAbgB0AG8AcwBoACAASABEABIASlVzZXJzL2FsYWlucXVhcnRpZXJsYXRlbnRlL0Rlc2t0b3AvTWFzdGVyL01lzIFtb2lyZS9Eb2MvQmlibGlvL0h5bmRtYW4ucGRmABMAAS8AABUAAgAb//8AAAAIAA0AGgAkAEAAAAAAAAACAQAAAAAAAAAFAAAAAAAAAAAAAAAAAAACFA==},
	Bdsk-Url-1 = {http://www.sciencedirect.com/science/article/pii/S0167947311000971},
	Bdsk-Url-2 = {http://dx.doi.org/10.1016/j.csda.2011.03.006}}

@article{Murasawa,
	Abstract = { Popular monthly coincident indices of business cycles, e.g. the composite index and the Stock-Watson coincident index, have two shortcomings. First, they ignore information contained in quarterly indicators such as real GDP. Second, they lack economic interpretation; hence the heights of peaks and the depths of troughs depend on the choice of an index. This paper extends the Stock-Watson coincident index by applying maximum likelihood factor analysis to a mixed-frequency series of quarterly real GDP and monthly coincident business cycle indicators. The resulting index is related to latent monthly real GDP. Copyright {\copyright} 2002 John Wiley \& Sons, Ltd.},
	Author = {Roberto S. Mariano and Yasutomo Murasawa},
	Date-Added = {2020-05-16 14:38:31 +0200},
	Date-Modified = {2020-05-16 14:38:31 +0200},
	Journal = {Journal of Applied Econometrics},
	Keywords = {Factor analysis; Time series; Missing observation; State-space model; Kalman filter; Stock--Watson index.},
	Number = {4},
	Pages = {427-443},
	Title = {{A new coincident index of business cycles based on monthly and quarterly series}},
	Url = {http://ideas.repec.org/a/jae/japmet/v18y2003i4p427-443.html},
	Volume = {18},
	Year = 2003,
	Bdsk-File-1 = {YnBsaXN0MDDSAQIDBFxyZWxhdGl2ZVBhdGhZYWxpYXNEYXRhXxAaLi4vRG9jL0JpYmxpby9KYXBvbmFpcy5wZGZPEQHWAAAAAAHWAAIAAAxNYWNpbnRvc2ggSEQAAAAAAAAAAAAAAAAAAADH1LPxSCsAAAEi99kMSmFwb25haXMucGRmAAAAAAAAAAAAAAAAAAAAAAAAAAAAAAAAAAAAAAAAAAAAAAAAAAAAAAAAAAAAAAAAAAAAASL32tG4cuwAAAAAAAAAAAABAAMAAAkgAAAAAAAAAAAAAAAAAAAABkJpYmxpbwAQAAgAAMfUl9EAAAARAAgAANG4VswAAAABABwBIvfZASL3zQEeX8EA1hQzAAhLlgAIS4sAAJLzAAIAXU1hY2ludG9zaCBIRDpVc2VyczoAYWxhaW5xdWFydGllcmxhdGVudGU6AERlc2t0b3A6AE1hc3RlcjoATY5tb2lyZToARG9jOgBCaWJsaW86AEphcG9uYWlzLnBkZgAADgAaAAwASgBhAHAAbwBuAGEAaQBzAC4AcABkAGYADwAaAAwATQBhAGMAaQBuAHQAbwBzAGgAIABIAEQAEgBLVXNlcnMvYWxhaW5xdWFydGllcmxhdGVudGUvRGVza3RvcC9NYXN0ZXIvTWXMgW1vaXJlL0RvYy9CaWJsaW8vSmFwb25haXMucGRmAAATAAEvAAAVAAIAG///AAAACAANABoAJABBAAAAAAAAAgEAAAAAAAAABQAAAAAAAAAAAAAAAAAAAhs=},
	Bdsk-Url-1 = {http://ideas.repec.org/a/jae/japmet/v18y2003i4p427-443.html}}

@article{EscribanoGets,
	Author = {Sucarrat, Genaro and Escribano, Alvaro},
	Date-Added = {2020-05-16 14:38:31 +0200},
	Date-Modified = {2020-05-16 14:38:31 +0200},
	Journal = {Oxford Bulletin of Economics and Statistics},
	Keywords = {General-to-specific, specification search, model selection, finance, volatility},
	Number = {5},
	Pages = {716-735},
	Title = {Automated Model Selection in Financ{\texttt{e:}} General-to-Specific Modelling of the Mean and Volatility Specifications},
	Url = {http://EconPapers.repec.org/RePEc:bla:obuest:v:74:y:2012:i:5:p:716-735},
	Volume = {74},
	Year = {2012},
	Bdsk-File-1 = {YnBsaXN0MDDSAQIDBFxyZWxhdGl2ZVBhdGhZYWxpYXNEYXRhXxAfLi4vRG9jL0JpYmxpby9CaWJsaW8gUiBHZXRzLnBkZk8RAegAAAAAAegAAgAADE1hY2ludG9zaCBIRAAAAAAAAAAAAAAAAAAAAMfUs/FIKwAAASL32RFCaWJsaW8gUiBHZXRzLnBkZgAAAAAAAAAAAAAAAAAAAAAAAAAAAAAAAAAAAAAAAAAAAAAAAAAAAAAAAAAAAAABIyP90cgbC1BERiBDQVJPAAEAAwAACSAAAAAAAAAAAAAAAAAAAAAGQmlibGlvABAACAAAx9SX0QAAABEACAAA0cf+6wAAAAEAHAEi99kBIvfNAR5fwQDWFDMACEuWAAhLiwAAkvMAAgBiTWFjaW50b3NoIEhEOlVzZXJzOgBhbGFpbnF1YXJ0aWVybGF0ZW50ZToARGVza3RvcDoATWFzdGVyOgBNjm1vaXJlOgBEb2M6AEJpYmxpbzoAQmlibGlvIFIgR2V0cy5wZGYADgAkABEAQgBpAGIAbABpAG8AIABSACAARwBlAHQAcwAuAHAAZABmAA8AGgAMAE0AYQBjAGkAbgB0AG8AcwBoACAASABEABIAUFVzZXJzL2FsYWlucXVhcnRpZXJsYXRlbnRlL0Rlc2t0b3AvTWFzdGVyL01lzIFtb2lyZS9Eb2MvQmlibGlvL0JpYmxpbyBSIEdldHMucGRmABMAAS8AABUAAgAb//8AAAAIAA0AGgAkAEYAAAAAAAACAQAAAAAAAAAFAAAAAAAAAAAAAAAAAAACMg==},
	Bdsk-Url-1 = {http://EconPapers.repec.org/RePEc:bla:obuest:v:74:y:2012:i:5:p:716-735}}

@article{DataminingHoover,
	Abstract = { This paper examines the efficacy of the general-to-specific modeling approach associated with the LSE school of econometrics using a simulation framework. A mechanical algorithm is developed which mimics some aspects of the search procedures used by LSE practitioners. The algorithm is tested using 1000 replications of each of nine regression models and a data set patterned after Lovell's (1983) study of data mining. The algorithm is assessed for its ability to recover the data-generating process. Monte Carlo estimates of the size and power of exclusion tests based on t -statistics for individual variables in the specification are also provided. The roles of alternative sizes for specification tests in the algorithm, the consequences of different signal-to-noise ratios, and strategies for reducing overparameterization are also investigated. The results are largely favorable to the general-to-specific approach. In particular, the size of exclusion tests remains close to the nominal size used in the algorithm despite extensive search.},
	Author = {Hoover, Kevin and Perez, Stephen},
	Date-Added = {2020-05-16 14:38:31 +0200},
	Date-Modified = {2020-05-16 14:38:31 +0200},
	Journal = {Econometrics Journal},
	Keywords = {General-to-specific; Encompassing; Data mining; LSE econometrics.},
	Number = {2},
	Pages = {167-191},
	Title = {Data mining reconsidere{\texttt{d:}} encompassing and the general-to-specific approach to specification search},
	Url = {http://EconPapers.repec.org/RePEc:ect:emjrnl:v:2:y:1999:i:2:p:167-191},
	Volume = {2},
	Year = {1999},
	Bdsk-File-1 = {YnBsaXN0MDDSAQIDBFxyZWxhdGl2ZVBhdGhZYWxpYXNEYXRhXxAnLi4vRG9jL0JpYmxpby9EYXRhIE1pbmluZyBieSBIb292ZXIucGRmTxECCAAAAAACCAACAAAMTWFjaW50b3NoIEhEAAAAAAAAAAAAAAAAAAAAx9Sz8UgrAAABIvfZGURhdGEgTWluaW5nIGJ5IEhvb3Zlci5wZGYAAAAAAAAAAAAAAAAAAAAAAAAAAAAAAAAAAAAAAAAAAAAAAAAAAAEjGvXRxzheUERGIENBUk8AAQADAAAJIAAAAAAAAAAAAAAAAAAAAAZCaWJsaW8AEAAIAADH1JfRAAAAEQAIAADRxxw+AAAAAQAcASL32QEi980BHl/BANYUMwAIS5YACEuLAACS8wACAGpNYWNpbnRvc2ggSEQ6VXNlcnM6AGFsYWlucXVhcnRpZXJsYXRlbnRlOgBEZXNrdG9wOgBNYXN0ZXI6AE2ObW9pcmU6AERvYzoAQmlibGlvOgBEYXRhIE1pbmluZyBieSBIb292ZXIucGRmAA4ANAAZAEQAYQB0AGEAIABNAGkAbgBpAG4AZwAgAGIAeQAgAEgAbwBvAHYAZQByAC4AcABkAGYADwAaAAwATQBhAGMAaQBuAHQAbwBzAGgAIABIAEQAEgBYVXNlcnMvYWxhaW5xdWFydGllcmxhdGVudGUvRGVza3RvcC9NYXN0ZXIvTWXMgW1vaXJlL0RvYy9CaWJsaW8vRGF0YSBNaW5pbmcgYnkgSG9vdmVyLnBkZgATAAEvAAAVAAIAG///AAAACAANABoAJABOAAAAAAAAAgEAAAAAAAAABQAAAAAAAAAAAAAAAAAAAlo=},
	Bdsk-Url-1 = {http://EconPapers.repec.org/RePEc:ect:emjrnl:v:2:y:1999:i:2:p:167-191}}

@article{MichauxDubois,
	Abstract = {The authors propose two methodological improvements in calibration, i.e., the econometric relationships between qualitative data from business surveys and quantified macroeconomic data. The first consists in estimating different calibrations for each month in the quarter, in order to make the best statistical use of the information available when each monthly survey is published. The second consists in implementing a more `` systematic '' estimation method based on an algorithm recently presented by Krolzig and Hendry. The latter allows an `` automatic '' reproduction of the London School of Economics econometric methodology. The results obtained empirically validate the theoretical contribution of both methods.},
	Author = {{\'E}ric Dubois and Emmanuel Michaux},
	Date-Added = {2020-05-16 14:38:31 +0200},
	Date-Modified = {2020-05-16 14:38:31 +0200},
	Doi = {10.3406/ecop.2006.7477},
	Issn = {0249-4744},
	Journal = {{\'E}conomie \& pr{\'e}vision},
	Keywords = {JEL Classification,forecasting accuracy,model selection,econometric methodology,business surveys,forecasting,enqu{\^e}tes de conjoncture,pr{\'e}vision,m{\'e}thodologie {\'e}conom{\'e}trique,s{\'e}lection de mod{\`e}les,pr{\'e}cision des pr{\'e}visions,Classification JEL C13 - C53 - E27},
	Number = {1},
	Pages = {11--28},
	Publisher = {Minist{\`e}re de l'{\'E}conomie},
	Title = {{\'E}talonnages {\`a} l'aide d'enqu{\^e}tes de conjoncture : de nouveaux r{\'e}sultats},
	Url = {/web/revues/home/prescript/article/ecop_0249-4744_2006_num_172_1_7477},
	Volume = {172},
	Year = {2006},
	Bdsk-File-1 = {YnBsaXN0MDDSAQIDBFxyZWxhdGl2ZVBhdGhZYWxpYXNEYXRhXxAjLi4vRG9jL0JpYmxpby9EdWJvaXMgZXQgTWljaGF1eC5wZGZPEQH4AAAAAAH4AAIAAAxNYWNpbnRvc2ggSEQAAAAAAAAAAAAAAAAAAADH1LPxSCsAAAEi99kVRHVib2lzIGV0IE1pY2hhdXgucGRmAAAAAAAAAAAAAAAAAAAAAAAAAAAAAAAAAAAAAAAAAAAAAAAAAAAAAAAAASWgjtHm4swAAAAAAAAAAAABAAMAAAkgAAAAAAAAAAAAAAAAAAAABkJpYmxpbwAQAAgAAMfUl9EAAAARAAgAANHmxqwAAAABABwBIvfZASL3zQEeX8EA1hQzAAhLlgAIS4sAAJLzAAIAZk1hY2ludG9zaCBIRDpVc2VyczoAYWxhaW5xdWFydGllcmxhdGVudGU6AERlc2t0b3A6AE1hc3RlcjoATY5tb2lyZToARG9jOgBCaWJsaW86AER1Ym9pcyBldCBNaWNoYXV4LnBkZgAOACwAFQBEAHUAYgBvAGkAcwAgAGUAdAAgAE0AaQBjAGgAYQB1AHgALgBwAGQAZgAPABoADABNAGEAYwBpAG4AdABvAHMAaAAgAEgARAASAFRVc2Vycy9hbGFpbnF1YXJ0aWVybGF0ZW50ZS9EZXNrdG9wL01hc3Rlci9NZcyBbW9pcmUvRG9jL0JpYmxpby9EdWJvaXMgZXQgTWljaGF1eC5wZGYAEwABLwAAFQACABv//wAAAAgADQAaACQASgAAAAAAAAIBAAAAAAAAAAUAAAAAAAAAAAAAAAAAAAJG},
	Bdsk-Url-1 = {/web/revues/home/prescript/article/ecop_0249-4744_2006_num_172_1_7477},
	Bdsk-Url-2 = {https://doi.org/10.3406/ecop.2006.7477}}

@techreport{IIS,
	Abstract = {Global vector autoregressions (GVARs) have several attractive features: multiple potential channels for the international transmission of macroeconomic and financial shocks, a standardized economically appealing choice of variables for each country or region examined, systematic treatment of long-run properties through cointegration analysis, and flexible dynamic specification through vector error correction modeling. Pesaran, Schuermann, and Smith (2009) generate and evaluate forecasts from a paradigm GVAR with 26 countries, based on D{\'e}es, di Mauro, Pesaran, and Smith (2007). The current paper empirically assesses the GVAR in D{\'e}es, di Mauro, Pesaran, and Smith (2007) with impulse indicator saturation (IIS)---a new generic procedure for evaluating parameter constancy, which is a central element in model-based forecasting. The empirical results indicate substantial room for an improved, more robust specification of that GVAR. Some tests are suggestive of how to achieve such improvements.},
	Author = {Ericsson, Neil and Reisman, Erica L.},
	Date-Added = {2020-05-16 14:38:31 +0200},
	Date-Modified = {2020-05-16 14:38:31 +0200},
	Institution = {Board of Governors of the Federal Reserve System (U.S.)},
	Keywords = {cointegration, error correction, forecasting, GVAR, impulse indicator saturation, model design, model evaluation, model selection, parameter constancy, VAR},
	Number = {1056},
	Title = {Evaluating a global vector autoregression for forecasting},
	Type = {International Finance Discussion Papers},
	Url = {http://EconPapers.repec.org/RePEc:fip:fedgif:1056},
	Year = {2012},
	Bdsk-File-1 = {YnBsaXN0MDDSAQIDBFxyZWxhdGl2ZVBhdGhZYWxpYXNEYXRhXxBOLi4vLi4vLi4vLi4vLi4vLi4vVm9sdW1lcy9IRUxMT1dPUkxEL0JpYmxpbyBhbm5leGUvSUlTIEVyaWNzb25uIGV0IFJlaXNtYW4ucGRmTxEBigAAAAABigACAAAKSEVMTE9XT1JMRAAAAAAAAAAAAAAAAAAAAAAAAAAAAEJEAAH/////G0lJUyBFcmljc29ubiBldCBSZWlzbWFuLnBkZgAAAAAAAAAAAAAAAAAAAAAAAAAAAAAAAAAAAAAAAAAAAAAAAP////8AAAAAAAAAAAAAAAD/////AAAKAklTAAAAAAAAAAAAAAAAAA1CaWJsaW8gYW5uZXhlAAACAD4vOlZvbHVtZXM6SEVMTE9XT1JMRDpCaWJsaW8gYW5uZXhlOklJUyBFcmljc29ubiBldCBSZWlzbWFuLnBkZgAOADgAGwBJAEkAUwAgAEUAcgBpAGMAcwBvAG4AbgAgAGUAdAAgAFIAZQBpAHMAbQBhAG4ALgBwAGQAZgAPABYACgBIAEUATABMAE8AVwBPAFIATABEABIAKi9CaWJsaW8gYW5uZXhlL0lJUyBFcmljc29ubiBldCBSZWlzbWFuLnBkZgATABMvVm9sdW1lcy9IRUxMT1dPUkxEAP//AAAACAANABoAJAB1AAAAAAAAAgEAAAAAAAAABQAAAAAAAAAAAAAAAAAAAgM=},
	Bdsk-Url-1 = {http://EconPapers.repec.org/RePEc:fip:fedgif:1056}}

@inproceedings{LjungBox,
	Author = {Patrick Bums},
	Booktitle = {Correlations and Volatilities of Asynchronous Data, The Journal of Derivatives},
	Date-Added = {2020-05-16 14:38:31 +0200},
	Date-Modified = {2020-05-16 14:38:31 +0200},
	Pages = {7--18},
	Title = {Robustness of the Ljung-Box Test and its Rank Equivalent},
	Year = {2002},
	Bdsk-File-1 = {YnBsaXN0MDDSAQIDBFxyZWxhdGl2ZVBhdGhZYWxpYXNEYXRhXxAaLi4vRG9jL0JpYmxpby9sanVuZ2JveC5wZGZPEQHWAAAAAAHWAAIAAAxNYWNpbnRvc2ggSEQAAAAAAAAAAAAAAAAAAADH1LPxSCsAAAEi99kMbGp1bmdib3gucGRmAAAAAAAAAAAAAAAAAAAAAAAAAAAAAAAAAAAAAAAAAAAAAAAAAAAAAAAAAAAAAAAAAAAAASVEuNHiTHNQREYgQ0FSTwABAAMAAAkgAAAAAAAAAAAAAAAAAAAABkJpYmxpbwAQAAgAAMfUl9EAAAARAAgAANHiMFMAAAABABwBIvfZASL3zQEeX8EA1hQzAAhLlgAIS4sAAJLzAAIAXU1hY2ludG9zaCBIRDpVc2VyczoAYWxhaW5xdWFydGllcmxhdGVudGU6AERlc2t0b3A6AE1hc3RlcjoATY5tb2lyZToARG9jOgBCaWJsaW86AGxqdW5nYm94LnBkZgAADgAaAAwAbABqAHUAbgBnAGIAbwB4AC4AcABkAGYADwAaAAwATQBhAGMAaQBuAHQAbwBzAGgAIABIAEQAEgBLVXNlcnMvYWxhaW5xdWFydGllcmxhdGVudGUvRGVza3RvcC9NYXN0ZXIvTWXMgW1vaXJlL0RvYy9CaWJsaW8vbGp1bmdib3gucGRmAAATAAEvAAAVAAIAG///AAAACAANABoAJABBAAAAAAAAAgEAAAAAAAAABQAAAAAAAAAAAAAAAAAAAhs=}}

@techreport{BIC,
	Author = {Lebarbier, Emilie and Mary-Huard, Tristan},
	Date-Added = {2020-05-16 14:38:31 +0200},
	Date-Modified = {2020-05-16 14:38:31 +0200},
	Hal_Id = {inria-00070685},
	Hal_Version = {v1},
	Keywords = {APPROXIMATION DE LAPLACE ; CONSISTANCE POUR LA DIMENSION ; CRIT{\`E}RE DE S{\'e}LECTION DE MOD{\`E}LES ; CRIT{\`E}RE BAY{\'E}SIEN},
	Number = {RR-5315},
	Pages = {17},
	Pdf = {https://hal.inria.fr/inria-00070685/file/RR-5315.pdf},
	Title = {{Le crit{\`e}re BIC : fondements th{\'e}oriques et interpr{\'e}tation}},
	Type = {Research Report},
	Url = {https://hal.inria.fr/inria-00070685},
	Year = {2004},
	Bdsk-Url-1 = {https://hal.inria.fr/inria-00070685}}
